<record xmlns='http://www.loc.gov/MARC21/slim'><leader>01481cgm a2200349 a 4500</leader><controlfield tag='001'>5659106</controlfield><controlfield tag='005'>20141229133508.0</controlfield><controlfield tag='007'>vf cbahom</controlfield><controlfield tag='008'>050901s1990    xxu071            vleng d</controlfield><datafield ind1=' ' ind2=' ' tag='035'><subfield code='a'>(OCoLC)61448811</subfield></datafield><datafield ind1=' ' ind2=' ' tag='035'><subfield code='a'>5659106</subfield></datafield><datafield ind1=' ' ind2=' ' tag='040'><subfield code='a'>NIC</subfield><subfield code='c'>NIC</subfield></datafield><datafield ind1=' ' ind2=' ' tag='043'><subfield code='a'>n-us---</subfield></datafield><datafield ind1='0' ind2='0' tag='245'><subfield code='a'>James Meredith&apos;s speech against affirmative action</subfield><subfield code='h'>[videorecording] /</subfield><subfield code='c'>Africana Studies and Research Center, Cornell University.</subfield></datafield><datafield ind1=' ' ind2=' ' tag='260'><subfield code='c'>1990.</subfield></datafield><datafield ind1=' ' ind2=' ' tag='300'><subfield code='a'>1 videocassette (71 min.) :</subfield><subfield code='b'>sd., col. ;</subfield><subfield code='c'>1/2 in.</subfield></datafield><datafield ind1=' ' ind2='0' tag='440'><subfield code='a'>Africana Studies and Research Center colloquium series</subfield></datafield><datafield ind1=' ' ind2=' ' tag='538'><subfield code='a'>VHS.</subfield></datafield><datafield ind1='0' ind2=' ' tag='511'><subfield code='a'>Speaker, James Meredith.</subfield></datafield><datafield ind1=' ' ind2=' ' tag='500'><subfield code='a'>Title from videocassette label.</subfield></datafield><datafield ind1=' ' ind2=' ' tag='518'><subfield code='a'>Videotaped at Africana Studies and Research Center, Cornell University on October 17, 1990.</subfield></datafield><datafield ind1=' ' ind2=' ' tag='520'><subfield code='a'>James Mereth adds to the debate his own viewpoint against affirmative action: issues of dependence, equality, advantage and convenience.</subfield></datafield><datafield ind1=' ' ind2='0' tag='650'><subfield code='a'>Affirmative action programs</subfield><subfield code='z'>United States.</subfield></datafield><datafield ind1=' ' ind2='0' tag='651'><subfield code='a'>Affirmative action programs in education</subfield><subfield code='z'>United States.</subfield></datafield><datafield ind1=' ' ind2='0' tag='650'><subfield code='a'>Racism</subfield><subfield code='z'>United States.</subfield></datafield><datafield ind1=' ' ind2='7' tag='650'><subfield code='a'>Affirmative action programs</subfield><subfield code='2'>fast</subfield><subfield code='0'>(OCoLC)fst00798899</subfield></datafield><datafield ind1=' ' ind2='7' tag='650'><subfield code='a'>Racism</subfield><subfield code='2'>fast</subfield><subfield code='0'>(OCoLC)fst01086616</subfield></datafield><datafield ind1=' ' ind2='7' tag='651'><subfield code='a'>United States</subfield><subfield code='2'>fast</subfield><subfield code='0'>(OCoLC)fst01204155</subfield></datafield><datafield ind1='1' ind2=' ' tag='700'><subfield code='a'>Meredith, James,</subfield><subfield code='d'>1933-</subfield></datafield><datafield ind1='2' ind2=' ' tag='710'><subfield code='a'>Cornell University.</subfield><subfield code='b'>Africana Studies and Research Center.</subfield></datafield><datafield ind1='1' ind2=' ' tag='948'><subfield code='a'>20050901</subfield><subfield code='b'>o</subfield><subfield code='d'>sok1</subfield><subfield code='e'>lts</subfield></datafield><datafield ind1='2' ind2=' ' tag='948'><subfield code='a'>20141229</subfield><subfield code='b'>m</subfield><subfield code='d'>batch</subfield><subfield code='e'>lts</subfield><subfield code='x'>addfast</subfield></datafield></record>